@article{mendes2015multidimensional,
  title={Multidimensional agreement in byzantine systems},
  author={Mendes, Hammurabi and Herlihy, Maurice and Vaidya, Nitin and Garg, Vijay K},
  journal={Distributed Computing},
  volume={28},
  number={6},
  pages={423--441},
  year={2015},
  publisher={Springer}
}
